<?xml version="1.0" encoding="UTF-8"?>
<record xmlns="http://www.loc.gov/MARC21/slim">
   <leader>01105cam a22002895  4500</leader>
   <controlfield tag="001">2785571</controlfield>
   <controlfield tag="003">NjP</controlfield>
   <controlfield tag="005">20190705144859.0</controlfield>
   <controlfield tag="008">991111s1955    ua ab         000 0 ara d</controlfield>
   <datafield tag="024" ind1="7" ind2=" ">
      <subfield code="a">princeton_aco004186</subfield>
      <subfield code="2">local</subfield>
   </datafield>
   <datafield ind1=" " ind2=" " tag="040">
      <subfield code="a">PUL</subfield>
      <subfield code="c">PUL</subfield>
      <subfield code="d">PUL</subfield>
   </datafield>
   <datafield ind1=" " ind2=" " tag="035">
      <subfield code="9">CNJ4314TS</subfield>
   </datafield>
   <datafield ind1=" " ind2=" " tag="035">
      <subfield code="a">(NjP)2785571</subfield>
   </datafield>
   <datafield ind1="1" ind2=" " tag="041">
      <subfield code="a">ara</subfield>
      <subfield code="h">eng</subfield>
   </datafield>
   <datafield ind1=" " ind2=" " tag="049">
      <subfield code="a">PULL</subfield>
   </datafield>
   <datafield ind1=" " ind2=" " tag="035">
      <subfield code="a">(OCoLC)ocm42811749</subfield>
   </datafield>
   <datafield ind1="1" ind2=" " tag="100">
      <subfield code="a">Twitchell, K. S.</subfield>
      <subfield code="q">(Karl Saben),</subfield>
      <subfield code="d">1885-1968.</subfield>
      <subfield code="0">http://id.loc.gov/authorities/names/no97016990</subfield>
   </datafield>
   <datafield ind1="0" ind2="3" tag="245">
      <subfield code="6">880-01</subfield>
      <subfield code="a">al-Mamlakah al-ʻarabīyah al-Suʻūdīyah wa-taṭawwurāt maṣādirihā al-ṭabīʻīyah ...</subfield>
   </datafield>
   <datafield ind1=" " ind2=" " tag="260">
      <subfield code="6">880-02</subfield>
      <subfield code="a">Cairo,</subfield>
      <subfield code="b">al-Ḥalabī,</subfield>
      <subfield code="c">1955.</subfield>
   </datafield>
   <datafield ind1=" " ind2=" " tag="300">
      <subfield code="a">316 p.</subfield>
      <subfield code="b">illus., maps.</subfield>
      <subfield code="c">24 cm.</subfield>
   </datafield>
   <datafield ind1=" " ind2=" " tag="500">
      <subfield code="a">His Saudi Arabia, tr. into Arabic by Shakīb al-Umawī.</subfield>
   </datafield>
   <datafield ind1="1" ind2=" " tag="700">
      <subfield code="6">880-03</subfield>
      <subfield code="a">Umawī, Shakīb,</subfield>
      <subfield code="e">tr.</subfield>
   </datafield>
   <datafield ind1="0" ind2="2" tag="880">
      <subfield code="6">245-01/r</subfield>
      <subfield code="a">المملكة العربية السعودية وتطورات مصادرها الطبيعية ...</subfield>
   </datafield>
   <datafield ind1=" " ind2=" " tag="880">
      <subfield code="6">260-02/r</subfield>
      <subfield code="a">القاهرة،</subfield>
      <subfield code="b">الحلبي،</subfield>
      <subfield code="c">1955.</subfield>
   </datafield>
   <datafield ind1="1" ind2=" " tag="880">
      <subfield code="6">700-03/r</subfield>
      <subfield code="a">اموي، شكيب،</subfield>
      <subfield code="e">tr.</subfield>
   </datafield>
   <datafield ind1=" " ind2=" " tag="911">
      <subfield code="a">20000130</subfield>
   </datafield>
   <datafield ind1=" " ind2=" " tag="994">
      <subfield code="a">C0</subfield>
      <subfield code="b">PUL</subfield>
   </datafield>
   <datafield ind1=" " ind2=" " tag="999">
      <subfield code="a">2785571</subfield>
   </datafield>
   <datafield ind1=" " ind2=" " tag="979">
      <subfield code="a">(OCoLC)ocn178661324</subfield>
   </datafield>
   <datafield ind1="8" ind2="0" tag="852">
      <subfield code="0">3096527</subfield>
      <subfield code="b">rcppa</subfield>
      <subfield code="t">1</subfield>
      <subfield code="h">1797.917.13</subfield>
      <subfield code="x">tr fr f</subfield>
   </datafield>
   <datafield ind1=" " ind2=" " tag="959">
      <subfield code="a">2006-04-14 11:01:53 -0500</subfield>
   </datafield>
</record>
